@article{maze2020argopy,
  title={argopy: A Python library for Argo ocean data analysis},
  author={Maze, Guillaume and Balem, Kevin},
  journal={Journal of Open Source Software},
  volume={5},
  number={33},
  year={2020},
  publisher={Open Journals}
}